<record><leader>00000cas a22000007a 4500</leader><controlfield tag="001">12279037</controlfield><controlfield tag="008">850718d18791879inuir ne      0    0eng d</controlfield><datafield ind1=" " ind2=" " tag="010"><subfield code="a">sn 85047983 </subfield></datafield><datafield ind1=" " ind2=" " tag="040"><subfield code="a">NPI</subfield><subfield code="b">eng</subfield><subfield code="c">NPI</subfield><subfield code="d">OCLCQ</subfield><subfield code="d">IUL</subfield><subfield code="d">OCLCF</subfield></datafield><datafield ind1=" " ind2=" " tag="042"><subfield code="a">msc</subfield></datafield><datafield ind1=" " ind2=" " tag="043"><subfield code="a">n-us-in</subfield></datafield><datafield ind1="0" ind2="0" tag="245"><subfield code="a">Tri-weekly budget.</subfield></datafield><datafield ind1=" " ind2=" " tag="260"><subfield code="a">Brownstown, Ind. :</subfield><subfield code="b">Wm. Frysinger and Carl Brayfield</subfield></datafield><datafield ind1=" " ind2=" " tag="300"><subfield code="a">v. :</subfield><subfield code="b">ill. (chiefly advertisements)</subfield></datafield><datafield ind1=" " ind2=" " tag="310"><subfield code="a">Three times a week</subfield></datafield><datafield ind1="1" ind2=" " tag="362"><subfield code="a">Published from Feb. 3 to late Aug. 1879</subfield><subfield code="z">Cf. Miller, John W. Indiana newspaper bibliog.</subfield></datafield><datafield ind1=" " ind2=" " tag="580"><subfield code="a">Issued also in a daily edition called: Daily budget, and a weekly edition called: Brownstown banner.</subfield></datafield><datafield ind1=" " ind2=" " tag="588"><subfield code="a">Description based on: Vol. 1, no. 25 (Mar. 3, 1879).</subfield></datafield><datafield ind1=" " ind2="0" tag="651"><subfield code="a">Brownstown (Ind.)</subfield><subfield code="v">Newspapers.</subfield></datafield><datafield ind1=" " ind2="0" tag="651"><subfield code="a">Jackson County (Ind.)</subfield><subfield code="v">Newspapers.</subfield></datafield><datafield ind1=" " ind2="7" tag="655"><subfield code="a">Newspapers.</subfield><subfield code="2">fast</subfield><subfield code="0">(OCoLC)fst01423814</subfield></datafield><datafield ind1=" " ind2="7" tag="651"><subfield code="a">Indiana</subfield><subfield code="z">Brownstown.</subfield><subfield code="2">fast</subfield><subfield code="0">(OCoLC)fst01209765</subfield></datafield><datafield ind1=" " ind2="7" tag="651"><subfield code="a">Indiana</subfield><subfield code="z">Jackson County.</subfield><subfield code="2">fast</subfield><subfield code="0">(OCoLC)fst01216713</subfield></datafield><datafield ind1=" " ind2=" " tag="752"><subfield code="a">United States</subfield><subfield code="b">Indiana</subfield><subfield code="c">Jackson</subfield><subfield code="d">Brownstown.</subfield></datafield><datafield ind1="1" ind2=" " tag="775"><subfield code="t">Daily budget (Brownstown, Ind.)</subfield><subfield code="w">(DLC)sn 85047982</subfield><subfield code="w">(OCoLC)12278359</subfield></datafield><datafield ind1="1" ind2=" " tag="775"><subfield code="t">Brownstown banner</subfield><subfield code="w">(DLC)sn 82014098</subfield><subfield code="w">(OCoLC)8769466</subfield></datafield></record>